@article{rff,
    author = {A. Rahimi, and B. Recht,},
    title = {Random Features for Large-Scale Kernel Machines},
    year = {2007}
}

@article{sigest,
  author = {B. Caputo and K. Sim and F. Furesjo and A. Smola},
  title = {Appearance-based object recognition using SVMs: which kernel should I use?},
  journaltitle = {Proc of NIPS workshop on Statitsical methods for computational experiments in visual processing and computer vision, Whistler},
  year = {2002},
}

@article{breiman_bagging,
  author = {Leo Breiman},
  title = {Bagging Predictors},
  month = {September},
  year = {1994},
  url = {https://www.stat.berkeley.edu/~breiman/bagging.pdf},
  pagetotal = {20},
}

@article{breiman_rf,
  author = {Leo Breiman},
  title = {Random Forests},
  month = {January},
  year = {2001},
  url = {https://www.stat.berkeley.edu/~breiman/randomforest2001.pdf},
  pagetotal = {33},
}

@article{vapnik_svm,
  author = {Vladimir Vapnik},
  title = {Support-Vector Networks},
  year = {1995},
  url = {http://homepages.rpi.edu/~bennek/class/mmld/papers/svn.pdf},
  pagetotal = {31},
}

@article{nystroem,
  author = {Evert Johannes Nyström},
  title = {},
}

@article{nystroem_method,
  author = {Christopher K. I. Williamns and Matthias Seeger},
  title = {Using the Nyström Method to Speed Up Kernel Machines},
  year = {2001},
  journaltitle = {Advances in Neural Information Processing Systems},
  url = {https://papers.nips.cc/paper/1866-using-the-nystrom-method-to-speed-up-kernel-machines.pdf},
}

@article{generic_article,
  author = {},
  title = {},
  year = {},
  url = {},
}

@article{rff_vs_nys,
  author = {Tianbao Yang and Yu-Feng Li and Mehrdad Mahdavi and Rong Jin and Zhi-Hua Zhou},
  title = {Nyström Method vs Random Fourier Features: A Theoretical and Empirical Comparison},
  year = {2012},
  pagetotal = {9},
  url = {http://citeseerx.ist.psu.edu/viewdoc/download?doi=10.1.1.310.1205&rep=rep1&type=pdf},

}

@online{pen_digits,
  author = {E. Alpaydin and Fevzi. Alimoglu},
  title = {Pen-Based Recognition of Handwritten Digits},
  month = {July},
  date = {1998},
  url = {https://archive.ics.uci.edu/ml/datasets/Pen-Based+Recognition+of+Handwritten+Digits},
}

@online{covertype,
  author = {Jock A. Blackard and Dr. Denis J. Dean and Dr. Charles W. Anderson},
  title = {Forest Covertype data},
  month = {August},
  date = {1998},
  url = {https://archive.ics.uci.edu/ml/datasets/covertype},
}

@online{satellite,
  author = {Ashwin Srinivasan},
  title = {Statlog (Landsat Satellite)},
  month = {February},
  date = {1993},
  url = {https://archive.ics.uci.edu/ml/datasets/Statlog+(Landsat+Satellite)},
}

@online{vowel,
  author = {David Deterding and Mahesan Niranjan and Tony Robinson},
  title = {Vowel Recognition (Deterding data)},
  url = {https://archive.ics.uci.edu/ml/datasets/Connectionist+Bench+(Vowel+Recognition+-+Deterding+Data)},
}

@online{fall_detection,
  author = {Özdemir and Ahmet Turan and Billur Barshan},
  title = {Fall Detection Data from China},
  subtitle = {Detecting Falls with Wearable Sensors Using Machine Learning Techniques},
  date = {2014},
  url = {https://www.kaggle.com/pitasr/falldata},
}

@online{mnist,
  author = {Yann LeCun and Corinna Cortes and Christopher J.C. Burges},
  title = {MNIST database},
  url = {http://yann.lecun.com/exdb/mnist/},
}

@online{segment,
  author = {Vision Group, University of Massachusetts},
  title = {Image Segmentation data},
  month = {November},
  date = {1990},
  url = {http://archive.ics.uci.edu/ml/datasets/image+segmentation},
}

@online{digits,
  author = {E. Alpaydin and C. Kaynak},
  title = {Optical Recognition of Handwritten Digits},
  month = {July},
  date = {1998},
  url = {http://archive.ics.uci.edu/ml/datasets/Optical+Recognition+of+Handwritten+Digits},
}
---------------------------------------------------------------

@article{fake_article,
  author = {1994},
  title = {1994},
  journaltitle = {1994},
  year = {1994},

  translator = {1994},
  annotator = {1994},
  commentator = {1994},
  subtitle = {1994},
  titleaddon = {1994},
  editor = {1994},
  editora = {1994},
  editorb = {1994},
  editorc = {1994},
  journalsubtitle = {1994},
  issuetitle = {1994},
  issuesubtitle = {1994},
  language = {1994},
  origlanguage = {1994},
  series = {1994},
  volume = {1994},
  number = {1994},
  eid = {1994},
  issue = {1994},
  month = {1994},
  pages = {1994},
  version = {1994},
  note = {1994},
  issn = {1994},
  addendum = {1994},
  pubstate = {1994},
  doi = {1994},
  eprint = {1994},
  eprintclass = {1994},
  eprinttype = {1994},
  url = {1994},
  urldate = {1994},
}

@online{fake_online,
  author = {1994},
  title = {1994},
  date = {1994},
  url = {1994},
  subtitle = {1994},
  titleaddon = {1994},
  language = {1994},
  version = {1994},
  note = {1994},
  organization = {1994},
  month = {1994},
  addendum = {1994},
  pubstate = {1994},
  doi = {1994},
  eprint = {1994},
  eprintclass = {1994},
  eprinttype = {1994},
  urldate = {1994},
}

@article{einstein,
    author = {Albert Einstein},
    title = "{Zur Elektrodynamik bewegter K{\"o}rper}. ({German})
    [{On} the electrodynamics of moving bodies]",
    journal = "Annalen der Physik",
    volume = "322",
    number = "10",
    pages = "891--921",
    year = "1905",
    DOI = "http://dx.doi.org/10.1002/andp.19053221004",
    keywords = "physics"
}
