@article{einstein,
    author = "Albert Einstein",
    title = "{Zur Elektrodynamik bewegter K{\"o}rper}. ({German})
    [{On} the electrodynamics of moving bodies]",
    journal = "Annalen der Physik",
    volume = "322",
    number = "10",
    pages = "891--921",
    year = "1905",
    DOI = "http://dx.doi.org/10.1002/andp.19053221004",
    keywords = "physics"
}

@book{dirac,
    title = {The Principles of Quantum Mechanics},
    author = {Paul Adrien Maurice Dirac},
    isbn = {9780198520115},
    series = {International series of monographs on physics},
    year = {1981},
    publisher = {Clarendon Press},
    keywords = {physics}
}

@online{knuthwebsite,
    author = "Donald Knuth",
    title = "Knuth: Computers and Typesetting",
    url  = "http://www-cs-faculty.stanford.edu/~uno/abcde.html",
    addendum = "(accessed: 01.09.2016)",
    keywords = "latex,knuth"
}

@inbook{knuth-fa,
    author = "Donald E. Knuth",
    title = "Fundamental Algorithms",
    publisher = "Addison-Wesley",
    year = "1973",
    chapter = "1.2",
    keywords  = "knuth,programming"
}

% \begin{thebibliography}{20}
%
% % \bibitem{lamport94}
% %   Leslie Lamport,
% %   \textit{\LaTeX: a document preparation system},
% %   Addison Wesley, Massachusetts,
% %   2nd edition,
% %   1994.
%
% \bibitem{breiman94}
% Leo Breiman,
% \textit{Bagging Predictors},
% Department of Statistics, University of California at Berkeley
% 1994.
%
% \bibitem{rahimi07}
% Ali Rahimi and Benjamin Recht,
% \textit{Random Features for Large-Scale Kernel Machines},
% Advances in Neural Information Processing Systems,
% 2007.
%
% \bibitem{zhangs17}
% Shuai Zhang, Jianxin Li, Pengtao Xie, Yingchun Zhang, Minglai Shao, Haoyi Zhou, Mengyi Yan,
% \textit{Stacked Kernel Network},
% Beihang University, Carnegie Mellon University
% 2017.
%
% \bibitem{alphago16}
% David Silver, Julian Schrittwieser, Karen Simonyan, Ioannis Antonoglou, Aja Huang, Arthur
% Guez, Thomas Hubert, Lucas Baker, Matthew Lai, Adrian Bolton, Yutian Chen, Timothy
% Lillicrap, Fan Hui, Laurent Sifre, George van den Driessche, Thore Graepel, Demis Hassabis.
% \textit{Mastering the Game of Go without Human Knowledge},
% DeepMind,
% 2016.
%
% \bibitem{jiwan14}
% Ji Wan, Dayong Wang, Steven Chu Hong Hoi, Pengcheng Wu, Jianke Zhu, Yongdong Zhang, Jintao Li,
% \textit{Deep Learning for Content-Based Image Retrieval: A Comprehensive Study},
% 2014.
%
% \bibitem{python}
% https://www.python.org
%
% \bibitem{r}
% https://www.r-project.org
%
% \bibitem{python_licence}
% https://docs.python.org/3/license.html
%
% \bibitem{scikit_license}
% https://github.com/scikit-learn/scikit-learn/blob/master/COPYING
%
% \bibitem{jupyter_license}
% https://github.com/jupyter/jupyter/blob/master/LICENSE
%
% \end{thebibliography}
